@inproceedings{mukhopadhyay2023large,
    title={Large Neural Networks at a Fraction},
    author={Mukhopadhyay, Aritra and Adhilsha A and Subhankar Mishra},
    booktitle={Northern Lights Deep Learning Conference 2024},
    year={2023},
    url={https://openreview.net/forum?id=xVbMj75YDD}
}

@inproceedings{mukhopadhyay2024transformers,
    title={Transformers at a fraction},
    author={Mukhopadhyay, Aritra and Rucha Bhalchandra Joshi and Nidhi Tiwari and Subhankar Mishra},
    booktitle={NLDL 2025},
    year={2024},
    url={https://openreview.net/forum?id=1U0kkt7ymn}
}
